
@article{Benth,
    author = "Benth, F. E. and Koekebakker, S. and Ollmar, F.",
    title = "Extracting and Applying Smooth Forward Curves From Average-Based Commodity Contracts with Seasonal Variation",
    journal = "The Journal of Derivatives",
    year = {2007},
    volume = {15},
    issue = {1},
    pages = {52--66}
}
